@misc { nobody:01,
	author 	= "Nobody Jr.",
	title 	= "Mein erster Artikel",
	year 	= 2006
}

@misc { smashing:01,
	author 			= "Steven Bradley",
	title 			= "Exploration Of Single-Page Websites",
	howpublished 	= "Online",
	note         	= "\url{http://www.heise.de/tp/deutsch/inhalt/te/2860/1.html},
						Letzer Besuch: 17.01.2012.",
	year			= 2012,
	publisher		= "Smashing Magazine"
}

@book{ autor:01,
	author    = "Hans HÃ¶flich",
	title     = "Exploration Of Single-Page Websites",
	publisher = "Verlag",
	year      =  2001,
	edition   = "10. Auflage"
}
